@book{Oriyano_2017, 
  place={Birmingham, UK}, 
  title={Kali Linux Wireless Penetration Testing Cookbook: Identify and assess vulnerabilities present in your wireless network, Wi-Fi, and bluetooth enabled devices to improve your wireless security}, 
  publisher={Packt Publishing}, 
  author={Oriyano, Sean-Philip}, 
  year={2017}
} 

@book{Sankaran_Gulasekaran_2021,
  title={Wi-Fi 6: Protocol and Network},
  publisher={Artech House},
  author={Sankaran, Sundar Gandhi and Gulasekaran, Susinder Rajan},
  year={2021}
}

@book{Hellmann_2023,
 place={Berlin},
 title={It-sicherheit: Methoden und Schutzmaßnahmen F{\"u}r Sichere Cybersysteme},
 publisher={De Gruyter Oldenbourg},
 author={Hellmann, Roland},
 year={2023}
}

@book{Watjen_2018,
 place={Wiesbaden},
 title={Kryptographie - Grundlagen, Algorithmen, Protokolle},
 volume={3. Auflage},
 publisher={Springer Vieweg},
 author={W{\"a}tjen, Dieter},
 year={2018}
} 

@misc{Wikipedia_2025,
  title={Wi-Fi},
  howpublished = {\url{https://en.wikipedia.org/wiki/Wi-Fi}},
  journal={Wikipedia},
  publisher={Wikimedia Foundation},
  author={Wikipedia},
  note={Accessed 2025-01-13}
}

@misc{GeeksforGeeks_2023,
 title={IEEE 802.11 mac Frame},
 howpublished = {\url{https://www.geeksforgeeks.org/ieee-802-11-mac-frame/}},
 journal={GeeksforGeeks},
 publisher={GeeksforGeeks},
 author={GeeksforGeeks},
 note={Accessed 2025-01-15}
} 

@misc{geeksforgeeks_ids,
  author       = {GeeksforGeeks},
  title        = {Intrusion Detection System (IDS)},
  howpublished = {\url{https://www.geeksforgeeks.org/intrusion-detection-system-ids/}},
  note         = {Accessed: 2025-03-21}
}

@misc{morrownr_USB_WiFi,
  author       = {MorrowNR},
  title        = {USB WiFi Adapters that are Supported with Linux In-Kernel Drivers},
  howpublished = {\url{https://github.com/morrownr/USB-WiFi/blob/main/home/USB_WiFi_Adapters_that_are_supported_with_Linux_in-kernel_drivers.md#axe3000---usb30---24-ghz-5-ghz-and-6-ghz-wifi-6e}},
  note         = {Accessed: 2025-03-20}
}

@misc{espidf,
  title        = {ESP-IDF},
  author       = {Espressif Systems},
  howpublished = {\url{https://github.com/espressif/esp-idf/tree/master}},
  note         = {Accessed 2025-03-30}
}

@INPROCEEDINGS{SAE,
  author={Harkins, Dan},
  booktitle={2008 Second International Conference on Sensor Technologies and Applications (sensorcomm 2008)}, 
  title={Simultaneous Authentication of Equals: A Secure, Password-Based Key Exchange for Mesh Networks}, 
  year={2008},
  volume={},
  number={},
  pages={839-844},
  keywords={Protocols;Finite element methods;Peer to peer computing;Mesh networks;Dictionaries;Elliptic curves;Servers;password authentication;cryptography;peer-to-peer},
  doi={10.1109/SENSORCOMM.2008.131}
}

@book{Salmon_Levesque_McLafferty_2017,
  place={Birmingham, UK},
  title={Applied Network Security: Master the art of detecting and averting advanced network security attacks and Techniques},
  publisher={Packt Publishing},
  author={Salmon, Arthur and Levesque, Warun and McLafferty, Michael},
  year={2017}
}

@misc{Martin_2024,
  title={How many cyber attacks occur each day? (2024)},
  howpublished = {\url{https://explodingtopics.com/blog/cybersecurity-stats#cost}},
  journal={Exploding Topics},
  publisher={Exploding Topics},
  author={Martin, James},
  note = {Accessed: 2025-03-28}
} 

@inproceedings{mariano2024wifi,
  author    = {Hyago Santana Mariano and Daniel Chaves Café},
  title     = {Measuring Public Wi-Fi Security Awareness via Captive Portal Connections Using a Microcontroller},
  booktitle = {9th Workshop on Communication Networks and Power Systems (WCNPS 2024)},
  year      = {2024},
  organization = {University of Brasília (UnB)},
  address   = {Brasília, Brazil},
  email     = {hyago.mariano@aluno.unb.br, daniel.cafe@unb.br}
}

@book{Cybersec_Edu,
  place={Cham, Switzerland},
  title={Cybersecurity Teaching in Higher Education},
  publisher={Springer Cham},
  editors={Leslie F. Sikos, Paul Haskell-Dowland},
  year={2023}
}

@book{PWNING_JuiceShop,
  title={Pwning OWASP Juice Shop},
  author={Björn Kimminich},
  publisher={Leanpub},
  organization={OWASP German Chapter},
  year={2025}
}

@book{IT_Basiswissen,
  title={Basiswissen IT-Sicherheit},
  author={Werner Poguntke},
  publisher={W3L-Verlag},
  place={Dortmund, DE},
  year={2013}
}

@misc{kali_docs,
  title = {Kali Linux Documentation},
  author = {{Kali Linux}},
  howpublished = {\url{https://www.kali.org/docs/}},
  note = {Accessed: 2025-04-14}
}

@misc{aircrack_ng,
  title = {Aircrack-ng Documentation},
  author = {{Aircrack-ng}},
  howpublished = {\url{https://www.aircrack-ng.org/doku.php}},
  note = {Accessed: 2025-04-14}
}
@misc{statista_cc,
  title = {Estimated annual cost of cybercrime in the United States from 2017 to 2028},
  author = {{Statista}},
  howpublished = {\url{https://www.statista.com/forecasts/1399040/us-cybercrime-cost-annual}},
  year = {2024},
  note = {Accessed: 2025-05-05}
}